@inproceedings{1998-notes,
	title={\href{https://d1wqtxts1xzle7.cloudfront.net/57521987/10.1.1.693.855.pdf?1538964196=&response-content-disposition=inline\%3B+filename\%3DIntroductory_Lectures_on_Convex_Programm.pdf&Expires=1621672775&Signature=DwJwiPh7tUaduPdVWByZ3qs2RlmayYFl94T-7fXGywrjwtIIz0J3W2HE4TQCzMFzxN6iILSCVc0CFBlvmsidII-6fF801pXn9GTQEdEl1ErVPAD9pM9j1qjcGrB-VWhC36r3h4XjxQoFC7UspuGiQ2-A81-bei5TaPEU-6CM7fimp~3obWLU6Y90xBGqgB6rjk5W5HLJcflCmF~JkVgrfEnNmVij~5w4tATDYmRugysMdu83y9qMY32LWHV6E3J2wrsAe4gM9-KqEh1~xXJWT3MAoCdNvbpZ2~lkGrk7CoMsEVj8P7A9Gjk-usS1goIZujxJOIMZtu90hnsNzUb4sQ__&Key-Pair-Id=APKAJLOHF5GGSLRBV4ZA}{Introductory Lectures on Convex Programming}},
	author={Yu. Nesterov},
	booktitle={Volume I: Basic course},
	year={1998}
}

@inproceedings{critical-points,
	title={\href{https://arxiv.org/abs/1803.02968}{Learning Deep Models: Critical Points and Local Openness}},
	author={Maher Nouiehed and Meisam Razaviyayn},
	booktitle={ICLR},
	year={2018}
}

@inproceedings{avoid-saddle-point,
	title={\href{https://arxiv.org/abs/1703.00887}{How to Escape Saddle Points Efficiently}},
	author={Chi Jin and Rong Ge and Praneeth Netrapalli and Sham M. Kakade and Michael I. Jordan},
	booktitle={International Conference on Machine Learning, PMLR},
	year={2017}
}

@inproceedings{all-local-are-global,
	title={\href{https://arxiv.org/abs/1712.01473}{Deep linear neural networks with arbitrary loss: All local minima are global}},
	author={Thomas Laurent and James von Brecht},
	booktitle={International Conference on Machine Learning, PMLR},
	year={2017}
}

